@book{luhmann1984soziale,
  title={{Soziale Systeme: Grundriss einer allgemeinen Theorie}},
  author={Luhmann, Niklas},
  volume={478},
  year={1984},
  publisher={Suhrkamp Verlag},
  place={Frankfurt am Main},
  note={17. Auflage 2018}
}

@online{InterviewWilliamLawvere,
	title = {{An Interview with F. William Lawvere}},
	howpublished = {\url{http://www.mat.uc.pt/~picado/lawvere/interview.pdf}},
	note = {Accessed 30.01.2019}
}

@book{lakatos2015proofs,
  title={Proofs and refutations: The logic of mathematical discovery},
  author={Lakatos, Imre},
  year={2015},
  publisher={Cambridge University Press}
}

@book{gellner1979legitimation,
  title={Legitimation of belief},
  author={Gellner, Ernest},
  year={1979},
  publisher={CUP Archive}
}


@article{baezCategoriesControl2014,
	title = {{Categories in Control}},
	url = {http://arxiv.org/abs/1405.6881},
	howpublished = {\url{http://arxiv.org/abs/1405.6881}},
	journaltitle = {{arXiv}:1405.6881 [quant-ph]},
	author = {Baez, John C. and Erbele, Jason},
	urldate = {2018-10-25},
	date = {2014-05-27},
	langid = {english},
	eprinttype = {arxiv},
	eprint = {1405.6881}
}


@thesis{fongAlgebraOpenInterconnected2016,
	title = {{The Algebra of Open and Interconnected Systems}},
	url = {http://arxiv.org/abs/1609.05382},
	note={available at \url{http://arxiv.org/abs/1609.05382}},
	institution = {Hertford College, University of Oxford},
	type = {phdthesis},
	author = {Fong, Brendan},
	urldate = {2019-04-30},
	date = {2016-09-17},
	langid = {english},
	eprinttype = {arxiv},
	eprint = {1609.05382}
}


@article{fongCategoricalApproachOpen2016,
	title = {A categorical approach to open and interconnected dynamical systems},
	url = {http://arxiv.org/abs/1510.05076},
	note = {available at \url{http://arxiv.org/abs/1510.05076}},
	doi = {10.1145/2933575.2934556},
	pages = {495--504},
	journaltitle = {Proceedings of the 31st Annual {ACM}/{IEEE} Symposium on Logic in Computer Science - {LICS} '16},
	author = {Fong, Brendan and Rapisarda, Paolo and Sobociński, Paweł},
	urldate = {2019-05-02},
	date = {2016},
	langid = {english},
	eprinttype = {arxiv},
	eprint = {1510.05076}
}


@article{fongBehavioralMereology2018,
	title = {{Behavioral Mereology}},
	url = {http://arxiv.org/abs/1811.00420},
	note = {available at \url{http://arxiv.org/abs/1811.00420}},
	journaltitle = {{arXiv}:1811.00420 [math]},
	author = {Fong, Brendan and Myers, David Jaz and Spivak, David I.},
	urldate = {2019-05-02},
	date = {2018-11-01},
	langid = {english},
	eprinttype = {arxiv},
	eprint = {1811.00420}
}


@book{milnerCalculusCommunicatingSystems1980,
	location = {Berlin},
	title = {A calculus of communicating systems},
	isbn = {978-3-540-10235-9 978-0-387-10235-1},
	series = {Lecture notes in computer science},
	pagetotal = {171},
	number = {92},
	publisher = {Springer},
	author = {Milner, Robin},
	date = {1980},
	langid = {english}
}


@article{spivakOperadWiringDiagrams2013,
	title = {The operad of wiring diagrams: formalizing a graphical language for databases, recursion, and plug-and-play circuits},
	url = {http://arxiv.org/abs/1305.0297},
	note = {available at \url{http://arxiv.org/abs/1305.0297}},
	shorttitle = {The operad of wiring diagrams},
	journaltitle = {{arXiv}:1305.0297 [cs, math]},
	author = {Spivak, David I.},
	urldate = {2019-05-02},
	date = {2013-05-01},
	langid = {english},
	eprinttype = {arxiv},
	eprint = {1305.0297}
}

@online{NetworkTheoryBaez,
	title = {{Network Theory}},
	author={John C. Baez},
	howpublished = {\url{http://math.ucr.edu/home/baez/networks/}},
	urldate = {2019-05-02},
}


@book{kneerNiklasLuhmannsTheorie1993,
	location = {München},
	title = {{Niklas Luhmanns Theorie sozialer Systeme: eine Einführung}},
	isbn = {978-3-7705-2865-3 978-3-8252-1751-8},
	series = {Uni-Taschenbücher},
	shorttitle = {Niklas Luhmanns Theorie sozialer Systeme},
	pagetotal = {205},
	number = {1751},
	publisher = {W. Fink},
	author = {Kneer, Georg and Nassehi, Armin},
	date = {1993},
	langid = {german}
}


@collection{jahrausLuhmannHandbuchLebenWerk2012,
	location = {Stuttgart},
	title = {{Luhmann-Handbuch: Leben--Werk--Wirkung}},
	isbn = {978-3-476-02368-1},
	shorttitle = {Luhmann-Handbuch},
	pagetotal = {471},
	publisher = {Verlag J.B. Metzler},
	editor = {Jahraus, Oliver and Nassehi, Armin and Grizelj, Mario and Saake, Irmhild and Kirchmeier, Christian and Müller, Julian},
	date = {2012},
	langid = {german},
	note = {{OCLC}: ocn815378870}
}

@article{kim2011new,
  title={The new horizon run cosmological N-body simulations},
  author={Kim, Juhan and Park, Changbom and Rossi, Graziano and Lee, Sang Min and Gott III, J Richard},
  journal={arXiv preprint arXiv:1112.1754},
  year={2011}
}

@article{shannon1948mathematical,
  title={{A Mathematical Theory of Communication}},
  author={Shannon, Claude Elwood},
  journal={The Bell System Technical Journal},
  note={available at \url{http://math.harvard.edu/~ctm/home/text/others/shannon/entropy/entropy.pdf}},
  volume={27},
  number={3},
  pages={379--423},
  year={1948},
  publisher={Wiley Online Library}
}
